% This file was created with JabRef 2.10.
% Encoding: UTF-8


@Book{duffie2013solar,
  Title                    = {Solar engineering of thermal processes},
  Author                   = {Duffie, John A and Beckman, William A},
  Publisher                = {John Wiley \& Sons},
  Year                     = {2013}
}

@InProceedings{hofierka2002solar,
  Title                    = {The solar radiation model for Open source GIS: implementation and applications},
  Author                   = {Hofierka, Jaroslav and Suri, Marcel and others},
  Booktitle                = {Proceedings of the Open source GIS-GRASS users conference},
  Year                     = {2002},
  Pages                    = {51--70},
  Volume                   = {2002}
}

@Article{hussein2012estimation,
  Title                    = {Estimation of hourly global solar radiation in Egypt using mathematical model},
  Author                   = {Hussein, Taha Ahmed Tawfik and Ahmed, T},
  Journal                  = {Int. J. Latest Trends Agr. Food Sci},
  Year                     = {2012},
  Number                   = {2},
  Pages                    = {74--82},
  Volume                   = {2}
}

@Article{jakhrani2013selection,
  Title                    = {Selection of models for calculation of incident solar radiation on tilted surfaces},
  Author                   = {Jakhrani, Abdul Qayoom and Samo, S Raza and Rigit, Andrew Ragai Henry and Kamboh, Shakeel Ahmed},
  Journal                  = {World Applied Sciences Journal},
  Year                     = {2013},
  Number                   = {9},
  Pages                    = {1334--1343},
  Volume                   = {22}
}

@Article{johnson1954solar,
  Title                    = {The solar constant},
  Author                   = {Johnson, Francis S},
  Journal                  = {Journal of Meteorology},
  Year                     = {1954},
  Number                   = {6},
  Pages                    = {431--439},
  Volume                   = {11}
}

@Article{medeiros2002adjustment,
  Title                    = {Adjustment of the clear sky coefficients for the transmission of solar radiation under the ambient conditions in Fortaleza},
  Author                   = {Medeiros, Marcelo Ricardo Queiroz and Silva, Maria Eug{\^e}nia Vieira da and Ara{\'u}jo, Alex Sandro de},
  Year                     = {2002},

  Publisher                = {World Climate and Energy Event}
}

@Article{tobiska2000solar2000,
  Title                    = {The SOLAR2000 empirical solar irradiance model and forecast tool},
  Author                   = {Tobiska, W Kent and Woods, Tom and Eparvier, Frank and Viereck, Rodney and Floyd, Linton and Bouwer, Dave and Rottman, Gary and White, OR},
  Journal                  = {Journal of Atmospheric and Solar-Terrestrial Physics},
  Year                     = {2000},
  Number                   = {14},
  Pages                    = {1233--1250},
  Volume                   = {62},

  Publisher                = {Elsevier}
}

@Article{wong2001solar,
  Title                    = {Solar radiation model},
  Author                   = {Wong, LT and Chow, WK},
  Journal                  = {Applied Energy},
  Year                     = {2001},
  Number                   = {3},
  Pages                    = {191--224},
  Volume                   = {69},

  Publisher                = {Elsevier}
}

@Electronic{sun_structure_lumen,
  Title                    = {The Structure and Composition of the Sun},
  Author                   = {OpenStax CNX},
  Organization             = {Lumen Astronomy},
  Url                      = {https://courses.lumenlearning.com/astronomy/chapter/the-structure-and-composition-of-the-sun/},

  Owner                    = {daniel},
  Timestamp                = {2018.04.01}
}

@Book{fisicasol,
  Title                    = {Physics of Solar Energy},
  Author                   = {Julian Chen},
  Publisher                = {Jhon Wiley \& Sons,Inc},
  Year                     = {2011},

  Owner                    = {daniel},
  Timestamp                = {2018.04.01}
}

@Electronic{nasa_sun,
  Title                    = {Solar Irradiance},
  Author                   = {Rob Garner},
  Month                    = {Noviembre},
  Organization             = {NASA},
  Url                      = {https://www.nasa.gov/mission_pages/sdo/science/solar-irradiance.html},
  Year                     = {2017},

  Owner                    = {daniel},
  Timestamp                = {2018.04.02}
}

@Article{sol_unam,
  Title                    = {El Sol, Nuestra Estrella},
  Author                   = {Blanco X., Kajdic P.},
  Journal                  = {Revista Digital Universitaria},
  Year                     = {2009},

  Month                    = {octubre},
  Number                   = {10},
  Volume                   = {10},

  Doi                      = {ISSN:1607-6079},
  Owner                    = {daniel},
  Timestamp                = {2018.04.02},
  Url                      = {http://www.revista.unam.mx/vol.10/num10/art67/int67.htm}
}

@MastersThesis{mi_tesis,
  Title                    = {DETERMINACIÓN DEL ESTADO DE FUNCIONAMIENTO DEL RADIOTELESCOPIO DANA MEDIANTE EL ANÁLISIS DE LA LÍNEA ESPECTRAL DEL HIDRÓGENO NEUTRO DE 21 CM Y LA OBSERVACIÓN DEL FLUJO SOLAR},
  Author                   = {Villarreal D.},
  School                   = {Universidad Autónoma de Chiriquí, Escuela de Física},
  Year                     = {2014},
  Month                    = {septiembre},

  Owner                    = {daniel},
  Timestamp                = {2018.04.03}
}

@Electronic{atm_scatt,
  Title                    = {Atmospheric Scattering},
  Author                   = {Hanna S.},
  Organization             = {Humboldt State University},
  Url                      = {http://gsp.humboldt.edu/olm_2015/Courses/GSP_216_Online/lesson2-1/scatter.html},
  Year                     = {2015},

  Owner                    = {daniel},
  Timestamp                = {2018.04.11}
}

@Electronic{scatter,
  Title                    = {Atmospheric Effects on Incoming Solar Radiation},
  Author                   = {Pidwirny, M.},
  Url                      = {http://www.physicalgeography.net/fundamentals/7f.html},
  Year                     = {2006},

  Owner                    = {daniel},
  Timestamp                = {2018.04.11}
}

@Electronic{spectral_rad,
  Title                    = {Radiación Solar},
  Author                   = {Protección Civil España},
  Organization             = {Protección Civil España},
  Url                      = {http://www.proteccioncivil.es/catalogo/carpeta02/carpeta24/vademecum17/vdm052.htm},

  Owner                    = {daniel},
  Timestamp                = {2018.04.14}
}

@Electronic{ser_temp_1,
  Title                    = {Introducción al Análisis de Series Temporales},
  Author                   = {Alonso A.},
  Month                    = {diciembre},
  Organization             = {Universidad Carlos III de Madrid},
  Url                      = {http://halweb.uc3m.es/esp/Personal/personas/amalonso/esp/seriestemporales.pdf},
  Year                     = {2007},

  Owner                    = {daniel},
  Timestamp                = {2018.04.14}
}

@Electronic{ser_tmp_2,
  Title                    = {Series Temporales Univariantes},
  Author                   = {Sánchez M., García C.},
  Month                    = {febrero},
  Organization             = {Universidad Politécnica de Madrid},
  Url                      = {http://www.etsii.upm.es/ingor/estadistica/Carol/SeriesUNIV_MIO_MP.pdf},
  Year                     = {2012},

  File                     = {:Desktop/Tesis/Bibliografia/ARMA,ARIMA/arma_series_temporales.pdf:PDF},
  Owner                    = {daniel},
  Timestamp                = {2018.04.14}
}

@Electronic{ser_temp_3,
  Title                    = {Análisis de Series Temporales: Modelos ARIMA},
  Author                   = {González M.},
  Month                    = {julio},
  Organization             = {Universidad del País Vazco},
  Url                      = {https://addi.ehu.es/bitstream/handle/10810/12492/04-09gon.pdf;jsessionid=FF4272C643AA2D459BCA4CA2B6F1D168?sequence=1},
  Year                     = {2009},

  Doi                      = {ISBN: 978-84-692-3814-1},
  File                     = {:Desktop/Tesis/Bibliografia/ARMA,ARIMA/analisis_de_series_temporales_arima.pdf:PDF},
  Owner                    = {daniel},
  Timestamp                = {2018.04.14}
}

@Electronic{time_series,
  Title                    = {Time Series Basics},
  Author                   = {The Pennsylvania State University},
  Organization             = {Elberly College of Science},
  Url                      = {https://onlinecourses.science.psu.edu/stat510/node/47},
  Year                     = {2018},

  Owner                    = {daniel},
  Timestamp                = {2018.04.15}
}

@Electronic{ruido_b,
  Title                    = {Construyendo un modelo ARMA para series de tiempo},
  Author                   = {D. Legorreta},
  Month                    = {abril
abril},
  Url                      = {https://dlegorreta.wordpress.com/tag/ruido-blanco/},
  Year                     = {2015},

  Owner                    = {daniel},
  Timestamp                = {2018.04.22}
}

@MastersThesis{predicc_solar,
  Title                    = {Predicción de Radiación Solar a Corto y Medio Plazo},
  Author                   = {Zamarbide I.},
  School                   = {Universidad Pública de Navarro},
  Year                     = {2014},
  Month                    = {junio},

  Owner                    = {daniel},
  Timestamp                = {2018.05.02}
}

@Electronic{hora_sol_pico,
  Title                    = {La Hora Sol Pico},
  Author                   = {Sarmiento A.},
  Organization             = {Centro de Estudio de Tecnologías Energéticas Renovables},
  Url                      = {http://www.cubasolar.cu/biblioteca/energia/Energia22/HTML/articulo03.htm},

  Owner                    = {daniel},
  Timestamp                = {2018.05.02}
}

@Electronic{mle,
  Title                    = {On Optimization Algorithm for Maximum Likelihood Estimation},
  Author                   = {A. Mai, F. Bastin, M. Toulouse},
  Language                 = {English},
  Month                    = {Diciembre},
  Organization             = {Interuniversity Research Centre on Enterprise Networks, Logistics and Transportation},
  Url                      = {https://www.cirrelt.ca/DocumentsTravail/CIRRELT-2014-64.pdf},
  Year                     = {2014},

  Owner                    = {daniel},
  Timestamp                = {2018.07.19}
}
